<record><leader>00000cas a2200000 a 4500</leader><controlfield tag="001">12442446</controlfield><controlfield tag="008">850830d19581959ksuwr ne      0    0eng d</controlfield><datafield ind1=" " ind2=" " tag="010"><subfield code="a">sn 85031891 </subfield></datafield><datafield ind1=" " ind2=" " tag="040"><subfield code="a">KSH</subfield><subfield code="b">eng</subfield><subfield code="c">KSH</subfield><subfield code="d">NPT</subfield><subfield code="d">OCL</subfield><subfield code="d">OCLCQ</subfield></datafield><datafield ind1=" " ind2=" " tag="042"><subfield code="a">msc</subfield></datafield><datafield ind1="0" ind2=" " tag="130"><subfield code="a">Manhattan tribune (Manhattan, Kan. : 1958)</subfield></datafield><datafield ind1="1" ind2="0" tag="245"><subfield code="a">Manhattan tribune.</subfield></datafield><datafield ind1=" " ind2=" " tag="260"><subfield code="a">Manhattan, Kan. :</subfield><subfield code="b">Ag Press,</subfield><subfield code="c">1958-</subfield></datafield><datafield ind1=" " ind2=" " tag="300"><subfield code="a">v. :</subfield><subfield code="b">ill. ;</subfield><subfield code="c">43 cm.</subfield></datafield><datafield ind1=" " ind2=" " tag="310"><subfield code="a">Weekly</subfield></datafield><datafield ind1="0" ind2=" " tag="362"><subfield code="a">45th year, no. 31 (July 8, 1958)-</subfield></datafield><datafield ind1="1" ind2=" " tag="362"><subfield code="a">Ceased with Nov. 24, 1959 issue?</subfield></datafield><datafield ind1=" " ind2=" " tag="752"><subfield code="a">United States</subfield><subfield code="b">Kansas</subfield><subfield code="c">Riley</subfield><subfield code="d">Manhattan.</subfield></datafield><datafield ind1="0" ind2="0" tag="780"><subfield code="t">Manhattan tribune-news (Manhattan, Kan. : 1949)</subfield><subfield code="w">(DLC)sn 85031890</subfield></datafield><datafield ind1="1" ind2=" " tag="029"><subfield code="a">AU@</subfield><subfield code="b">000022164652</subfield></datafield></record>